<?xml version="1.0" encoding="UTF-8"?><collection xmlns="http://www.loc.gov/MARC21/slim"><record><leader>00386nam--2200121-i-4500</leader><controlfield tag="001">000035265</controlfield><controlfield tag="002">20161230</controlfield><controlfield tag="005">20161230201040</controlfield><controlfield tag="008">060222s1000------------r-----000-0-eng-d</controlfield><datafield ind1=" " ind2=" " tag="100"><subfield code="a">Paul, E.Und Gehrke, G</subfield></datafield><datafield ind1=" " ind2=" " tag="245"><subfield code="a">Xenon physikalische und physikalisch-chemische eigenschaften</subfield></datafield><datafield ind1=" " ind2=" " tag="260"><subfield code="a">Julich, Kernforschungsanlage Julich Des Landes Nordrhein-westfalen-e.V., 1967, 54p</subfield></datafield><datafield ind1=" " ind2=" " tag="852"><subfield code="a">D.1103</subfield></datafield></record></collection>